@String{aaai="Proceedings of the Association for the Advancement of
Artificial Intelligence"} @String{aaim="Proceedings of International
Conference on Algorithmic Aspects in Information and Management"}
@String{acl="Proceedings of the Association for Computational Linguistics"}
@String{ai="Artificial Intelligence"} @String{aistats="Proceedings of
Artificial Intelligence and Statistics"} @String{asonam="Proceedings of
International Conference on Advances in Social Networks Analysis and Mining"}
@String{chi="Proceedings of International Conference on Human Factors in
Computing Systems"} @String{cikm="Proceedings of the ACM International
Conference on Information and Knowledge Management"}
@String{cl="Computational Linguistics"} @String{coling="Proceedings of
International Conference on Computational Linguistics"}
@String{colt="Proceedings of Conference on Learning Theory"}
@String{conll="Proceedings of Conference on Computational Natural Language
Learning"} @String{cvpr="Proceedings of Computer Vision and Pattern
Recognition"} @String{eacl="Proceedings of the European Chapter of the
Association for Computational Linguistics"} @String{ecir="Proceedings of the
European Conference on Information Retrieval"} @String{ecml="Proceedings of
European Conference of Machine Learning"} @String{emnlp="Proceedings of
Empirical Methods in Natural Language Processing"} @String{hlt="Proceedings
of the Human Language Technology Conference"} @String{ica="Proceedings of
International Conference on Independent Component Analysis and Signal
Separation"} @String{icassp="Proceedings of IEEE International Conference on
Acoustics, Speech, and Signal Processing"} @String{iccv="Proceedings of
International Conference on Computer Vision"} @String{icdm="Proceedings of
International Conference on Data Mining"} @String{icml="Proceedings of the
International Conference of Machine Learning"} @String{icwsm="Proceedings of
International Conference on Weblogs and Social Media"}
@String{ijcai="Proceedings of International Joint Conference on Artificial
Intelligence"} @String{ijcv="International Journal of Computer Vision"}
@String{ismir="International Society for Music Information Retrieval
Conference"} @String{jacm="Journal of the Association for Computing
Machinery"} @String{jasa="Journal of the American Statistical Association"}
@String{jmlr="Journal of Machine Learning Research"} @String{jrssb="Journal
of the Royal Statistical Society: Series B"} @String{kdd="Proceedings of
Conference on Knowledge Discovery and Data Mining"}
@String{lrec="International Language Resources and Evaluation"}
@String{naacl="Proceedings of Conference of the North American Chapter of the
Association for Computational Linguistics"} @String{nips="Proceedings of
Advances in Neural Information Processing Systems"} @String{osdi="Symposium
on Operating System Design and Implementation"} @String{pami="IEEE
Transactions on Pattern Analysis and Machine Intelligence"}
@String{pnas="Proceedings of the National Academy of Sciences"}
@String{sdm="Proceedings of SIAM International Conference on Data Mining"}
@String{semeval="Proceedings of the Workshop on Semantic Evaluation"}
@String{sigir="Proceedings of the ACM SIGIR Conference on Research and
Development in Information Retrieval"} @String{sigspatial="Proceedings of
International Conference on Advances in Geographic Information Systems"}
@String{tacl="Transactions of the Association for Computational Linguistics"}
@String{taslp="Transactions on Audio, Speech, and Language Processing"}
@String{uai="Proceedings of Uncertainty in Artificial Intelligence"}
@String{vldb="Proceedings of International Conference on Very Large
Databases"} @String{wsdm="Proceedings of ACM International Conference on Web
Search and Data Mining"} @String{www="Proceedings of World Wide Web
Conference"}
% These are hardly ever used
@String{nodalida="Proceedings of the Nordic Conference on Computational
Linguistics"} @String{adcs="Proceedings of the Aurstralasian Document
Computing Symposium"}
