@article{kelly2006protest,
  title={Protest in an information society: A review of literature on social movements and new {ICT}s},
  author={Kelly Garrett, R},
  journal={Information, Communication \& Society},
  volume={9},
  pages={202--224},
  year={2006}
}

@article{gonzalez2011dynamics,
  title={The dynamics of protest recruitment through an online network},
  author={Gonz{\'a}lez-Bail{\'o}n, Sandra and Borge-Holthoefer, Javier and Rivero, Alejandro and Moreno, Yamir},
  journal={Scientific Reports},
  volume={1},
  year={2011}
}

@article{tufekci2012social,
  title={Social media and the decision to participate in political protest: Observations from {T}ahrir {S}quare},
  author={Tufekci, Zeynep and Wilson, Christopher},
  journal={Journal of Communication},
  volume={62},
  pages={363--379},
  year={2012}
}

@article{ratkiewicz2010detecting,
  title={Detecting and tracking the spread of astroturf memes in microblog streams},
  author={Ratkiewicz, Jacob and Conover, Michael and Meiss, Mark and Gon{\c{c}}alves, Bruno and Patil, Snehal and Flammini, Alessandro and Menczer, Filippo},
  journal={arXiv preprint arXiv:1011.3768},
  year={2010}
}

@article{breuer2014social,
  title={Social media and protest mobilization: Evidence from the {T}unisian revolution},
  author={Breuer, Anita and Landman, Todd and Farquhar, Dorothea},
  journal={Democratization},
  pages={1--29},
  year={2014}
}

@inproceedings{tsagkias2011linking,
  title={Linking online news and social media},
  author={Tsagkias, Manos and de Rijke, Maarten and Weerkamp, Wouter},
  booktitle=wsdm,
  pages={565--574},
  year={2011}
}

@inproceedings{leskovec2009meme,
  title={Meme-tracking and the dynamics of the news cycle},
  author={Leskovec, Jure and Backstrom, Lars and Kleinberg, Jon},
  booktitle=kdd,
  pages={497--506},
  year={2009}
}

@article{earl2013protest,
  title={This protest will be tweeted: {T}witter and protest policing during the {P}ittsburgh {G}20},
  author={Earl, Jennifer and McKee Hurwitz, Heather and Mejia Mesinas, Analicia and Tolan, Margaret and Arlotti, Ashley},
  journal={Information, Communication \& Society},
  volume={16},
  pages={459--478},
  year={2013}
}

@article{conover2013geospatial,
  title={The geospatial characteristics of a social movement communication network},
  author={Conover, Michael D and Davis, Clayton and Ferrara, Emilio and McKelvey, Karissa and Menczer, Filippo and Flammini, Alessandro},
  journal={PloS one},
  volume={8},
  pages={e55957},
  year={2013}
}

@article{poell2012twitter,
  title={Twitter, {Y}ou{T}ube, and {F}lickr as platforms of alternative journalism: The social media account of the 2010 {T}oronto {G}20 protests},
  author={Poell, Thomas and Borra, Erik},
  journal={Journalism},
  volume={13},
  pages={695--713},
  year={2012}
}

@inproceedings{nguyen2015tea,
  title={Tea party in the house: A hierarchical ideal point topic model and its application to {R}epublican legislators in the 112th congress},
  author={Nguyen, Viet-An and Boyd-Graber, Jordan and Resnik, Philip and Miler, Kristina},
  booktitle=acl,
  year={2015}
}

@inproceedings{yan2013biterm,
  title={A biterm topic model for short texts},
  author={Yan, Xiaohui and Guo, Jiafeng and Lan, Yanyan and Cheng, Xueqi},
  booktitle=www,
  pages={1445--1456},
  year={2013},
}

@incollection{zhao2011comparing,
  title={Comparing {T}witter and traditional media using topic models},
  author={Zhao, Wayne Xin and Jiang, Jing and Weng, Jianshu and He, Jing and Lim, Ee-Peng and Yan, Hongfei and Li, Xiaoming},
  booktitle={Advances in Information Retrieval},
  pages={338--349},
  year={2011}
}

@inproceedings{weng2010twitterrank,
  title={Twitterrank: Finding topic-sensitive influential {T}witterers},
  author={Weng, Jianshu and Lim, Ee-Peng and Jiang, Jing and He, Qi},
  booktitle=wsdm,
  pages={261--270},
  year={2010}
}

@article{zuo2014word,
  title={Word Network Topic Model: A Simple but General Solution for Short and Imbalanced Texts},
  author={Zuo, Yuan and Zhao, Jichang and Xu, Ke},
  journal={arXiv preprint arXiv:1412.5404},
  year={2014}
}

@article{ramage2010characterizing,
  title={Characterizing Microblogs with Topic Models},
  author={Ramage, Daniel and Dumais, Susan T and Liebling, Daniel J},
  journal=icwsm,
  volume={10},
  year={2010}
}

@inproceedings{lau2012line,
  title={On-line Trend Analysis with Topic Models: \#{T}witter Trends Detection Topic Model Online.},
  author={Lau, Jey Han and Collier, Nigel and Baldwin, Timothy},
  booktitle=coling,
  pages={1519--1534},
  year={2012}
}

@article{chong2007framing,
  title={Framing theory},
  author={Chong, Dennis and Druckman, James N},
  journal={Annual Review Political Science},
  volume={10},
  pages={103--126},
  year={2007}
}

@article{entman1993framing,
  title={Framing: Towards clarification of a fractured paradigm},
  author={Entman, Robert M},
  journal={McQuail's Reader in Mass Communication Theory},
  pages={390--397},
  year={1993}
}

@article{sayre2010agenda,
  title={Agenda setting in a digital age: Tracking attention to {C}alifornia {P}roposition 8 in social media, online news and conventional news},
  author={Sayre, Ben and Bode, Leticia and Shah, Dhavan and Wilcox, Dave and Shah, Chirag},
  journal={Policy \& Internet},
  volume={2},
  pages={7--32},
  year={2010}
}

@inproceedings{kim2012event,
  title={Event Diffusion Patterns in Social Media},
  author={Kim, Minkyoung and Xie, Lexing and Christen, Peter},
  booktitle=icwsm,
  year={2012}
}

@inproceedings{hong2010empirical,
  title={Empirical study of topic modeling in {T}witter},
  author={Hong, Liangjie and Davison, Brian D},
  booktitle={Proceedings of the First Workshop on Social Media Analytics},
  pages={80--88},
  year={2010}
}

@inproceedings{hu2012lda,
  title={{ET}-{LDA}: Joint Topic Modeling for Aligning Events and their {T}witter Feedback.},
  author={Hu, Yuheng and John, Ajita and Wang, Fei and Kambhampati, Subbarao},
  booktitle=aaai,
  volume={12},
  pages={59--65},
  year={2012}
}

@inproceedings{gao2012joint,
  title={Joint topic modeling for event summarization across news and social media streams},
  author={Gao, Wei and Li, Peng and Darwish, Kareem},
  booktitle=cikm,
  pages={1173--1182},
  year={2012}
}

@inproceedings{ramage2009labeled,
  title={Labeled {LDA}: A supervised topic model for credit attribution in multi-labeled corpora},
  author={Ramage, Daniel and Hall, David and Nallapati, Ramesh and Manning, Christopher D},
  booktitle=emnlp,
  pages={248--256},
  year={2009},
}

@incollection{he2015uncovering,
  title={Uncovering Social Media Reaction Pattern to Protest Events: A Spatiotemporal Dynamics Perspective of {F}erguson Unrest},
  author={He, Jiaying and Hong, Lingzi and Frias-Martinez, Vanessa and Torrens, Paul},
  booktitle={Social Informatics},
  pages={67--81},
  year={2015}
}

@inproceedings{owoputi2013improved,
  title={Improved part-of-speech tagging for online conversational text with word clusters},
  author={Owoputi, Olutobi and O'Connor, Brendan and Dyer, Chris and Gimpel, Kevin and Schneider, Nathan and Smith, Noah A},
  booktitle=naacl,
  year={2013}
}

@article{baldridge2005opennlp,
  title={The {O}pen{NLP} {P}roject},
  author={Baldridge, Jason},
  journal={URL: http://opennlp.apache.org/index.html},
  year={2005}
}

@article{blei2003latent,
  title={Latent {D}irichlet allocation},
  author={Blei, David M and Ng, Andrew Y and Jordan, Michael I},
  journal=jmlr,
  volume={3},
  pages={993--1022},
  year={2003}
}

@inproceedings{hofmann1999probabilistic,
  title={Probabilistic latent semantic indexing},
  author={Hofmann, Thomas},
  booktitle=sigir,
  pages={50--57},
  year={1999}
}

@article{page1987moves,
  title={What moves public opinion?},
  author={Page, Benjamin I and Shapiro, Robert Y and Dempsey, Glenn R},
  journal={American Political Science Review},
  volume={81},
  pages={23--43},
  year={1987}
}

@article{lee2012news,
  title={News sharing in social media: The effect of gratifications and prior experience},
  author={Lee, Chei Sian and Ma, Long},
  journal={Computers in Human Behavior},
  volume={28},
  pages={331--339},
  year={2012},
}

@inproceedings{bandari2012pulse,
  title={The Pulse of News in Social Media: Forecasting Popularity.},
  author={Bandari, Roja and Asur, Sitaram and Huberman, Bernardo A},
  booktitle=icwsm,
  pages={26--33},
  year={2012}
}

@article{hua2016topical,
  title={Topical Analysis of Interactions Between News and Social Media},
  author={Hua, Ting and Ning, Yue and Chen, Feng and Lu, Chang-Tien and Ramakrishnan, Naren},
  year={2016}
}

@article{mane2004mapping,
  title={Mapping topics and topic bursts in {PNAS}},
  author={Mane, Ketan K and B{\"o}rner, Katy},
  journal={Proceedings of the National Academy of Sciences},
  volume={101},
  pages={5287--5290},
  year={2004}
}

@inproceedings{he2010topic,
  title={Topic dynamics: An alternative model of bursts in streams of topics},
  author={He, Dan and Parker, D Stott},
  booktitle=kdd,
  pages={443--452},
  year={2010}
}

@article{lin2012tracking,
  title={Tracking sentiment and topic dynamics from social media},
  author={Lin, Yulan He Chenghua and Gao, Wei and Wong, Kam-Fai},
  year={2012}
}

@inproceedings{morinaga2004tracking,
  title={Tracking dynamics of topic trends using a finite mixture model},
  author={Morinaga, Satoshi and Yamanishi, Kenji},
  booktitle=kdd,
  pages={811--816},
  year={2004}
}

@inproceedings{macdonald2013can,
  title={Can {T}witter Replace {N}ewswire for Breaking News},
  author={Macdonald, Craig and McCreadie, Richard and Osborne, Miles and Ounis, Iadh and Petrovic, Sa{\v{s}}a and Shrimpton, Luke},
  booktitle=icwsm,
  year={2013}
}

@incollection{subavsic2011peddling,
  title={Peddling or creating? Investigating the role of {T}witter in news reporting},
  author={Suba{\v{s}}i{\'c}, Ilija and Berendt, Bettina},
  booktitle={Advances in Information Retrieval},
  pages={207--213},
  year={2011}
}

@inproceedings{sankaranarayanan2009twitterstand,
  title={Twitterstand: News in tweets},
  author={Sankaranarayanan, Jagan and Samet, Hanan and Teitler, Benjamin E and Lieberman, Michael D and Sperling, Jon},
  booktitle=sigspatial,
  pages={42--51},
  year={2009}
}

@inproceedings{kwak2010twitter,
  title={What is {T}witter, a social network or a news media?},
  author={Kwak, Haewoon and Lee, Changhyun and Park, Hosung and Moon, Sue},
  booktitle=www,
  pages={591--600},
  year={2010}
}

@inproceedings{ning2015uncovering,
  title={Uncovering News-{T}witter Reciprocity via Interaction Patterns},
  author={Ning, Yue and Muthiah, Sathappan and Tandon, Ravi and Ramakrishnan, Naren},
  booktitle=asonam,
  pages={1--8},
  year={2015}
}
